@misc{site1,
title = {{10 things to know about the October 21 IoT DDoS attacks}},
note = {\small \url{https://tinyurl.com/ycdsjo4b}},
note = {last accessed: 2017-08-10},
}

@misc{site2,
title = {{Heightened DDoS Threat Posed by Mirai and Other Botnets}},
note = {\url{https://www.us-cert.gov/ncas/alerts/TA16-288A}},
note = {last accessed: 2017-08-10},
}

@misc{spying,
title = {{US intelligence chief: we might use the internet of things to spy on you}},
note = {\url{https://tinyurl.com/zkvyo2t}},
note = {last accessed: 2017-08-10},
}

@misc{spying2,
title = {Stranger hacks family's baby monitor and talks to child at night},
note = {\url{https://tinyurl.com/zudaowm
}},
note = {last accessed: 2017-08-10},
}

@misc{site-comm-cat,
title = {{Fear the Commander Cat!}},
note = {\url{http://www.commandercat.com/}},
note = {last accessed: 2017-08-10},
}

@misc{site-ife,
title = {{
How to hack Panasonic In-Flight Entertainment IFE Systems}},
note = {\url{http://securityaffairs.co/wordpress/54581/hacking/hacking-ife-systems.html}},
note = {last accessed: 2017-08-10},
}

@misc{site-invited-talk,
author = {Andrea Barisani},
title = {{
Real Life Experiences in avionics security assessment}},
note = {\url{https://www.youtube.com/watch?v=xtSmPgXw34I&t=4s}},
note = {last accessed: 2017-08-10},
}

@Unpublished{buquerin17attacks,
 author = {Kevin Gomez Buquerin},
  title     = {{Attacks Against Embedded Devices}},
   year =         "2017",
}

@Unpublished{buquerin17future,
 author = {Kevin Gomez Buquerin},
  title     = {{Future Technologies and Products for Aircraft}},
   year =         "2017",
}

@Unpublished{buquerin17software,
 author = {Kevin Gomez Buquerin},
  title     = {{Software Security Technologies}},
   year =         "2017",
}

@misc{site-access-control,
title = {{
Access Control Policies}},
note = {\url{https://en.wikipedia.org/wiki/Access_control}},
note = {last accessed: 2017-08-10},
}

@misc{site-la-padula,
title = {{
The Bell-Lapadula Model}},
note = {\url{https://en.wikipedia.org/wiki/Bell-LaPadula_model}},
note = {last accessed: 2017-08-10},
}

@misc{site-biba,
title = {{
The BIBA Model}},
note = {\url{https://en.wikipedia.org/wiki/Biba_Model}},
note = {last accessed: 2017-08-10},
}

@misc{site-rbac,
title = {{Role-Based Access Control}},
note = {\url{https://en.wikipedia.org/wiki/Role-based_access_control}},
note = {last accessed: 2017-08-10},
}

@book{book,
  author    = {Peter Babington}, 
  title     = {The title of the work},
  publisher = {The name of the publisher},
}


@book{book-handbook,
  author = {Edward Griffor},
  Title = {Handbook of System Safety and Security},
  year      = 2017,
  edition   = 1,
  isbn      = {9780128037737}
}


@inproceedings{dantas16wrla,
  author    = {Yuri Gil Dantas and Marcilio O. O. Lemos and Iguatemi Fonseca and Vivek Nigam},
  title     = {Formal Specification and Verification of a Selective Defense for {TDoS} Attacks},
  booktitle = {11th International Workshop on Rewriting Logic and its Applications (WRLA)},
  year      = {2016},
  bib2html_pubtype = {Refereed Conference/Workshop},
  bib2html_rescat = {Formal Methods},
  bib2html_dl_pdf = "/docs/voip-formal.pdf"

}

@inproceedings{dantas14eisic,
  author    = {Yuri Gil Dantas and
               Vivek Nigam and
               Iguatemi E. Fonseca},
  title     = {A Selective Defense for Application Layer {DDoS} Attacks},
  booktitle = {{IEEE} Joint Intelligence and Security Informatics Conference, {JISIC}
               2014},
  publisher = {{IEEE}},
  pages     = {75--82},
  year      = {2014},
  bib2html_pubtype = {Refereed Conference/Workshop},
  bib2html_rescat = {Formal Methods},
  bib2html_dl_pdf = "/docs/ddos.pdf"

}

@inproceedings{lemos16sbrc,
  author    = {Marcilio O. O. Lemos and Yuri Gil Dantas and Iguatemi Fonseca and Vivek Nigam and Gustavo Sampaio},
  title     = {A Selective Defense for Mitigating Coordinated Call Attacks},
  booktitle = {34th Brazilian Symposium on Computer 
Networks and Distributed Systems (SBRC)},
  year = "2016",
  bib2html_pubtype = {Refereed Conference/Workshop},
  bib2html_rescat = {Formal Methods},
  bib2html_dl_pdf = "/docs/voip-coordinated.pdf"
 }

@Unpublished{lemos.unp,
 author = {Marc\'ilio O. O. Lemos and Yuri Gil Dantas and Iguatemi E. Fonseca and Vivek Nigam},
  title     = {{On the Accuracy of Formal Verification of Selective Defenses for {TDoS} Attacks}},
   year =         "Submitted",
 bib2html_pubtype = {Submitted},
bib2html_rescat = {Formal Methods},
bib2html_dl_pdf = "/docs/jlamp.pdf"
}

@misc{US-senate,
title = {{The Internet of Things (IoT) Cybersecurity Improvement Act of 2017}},
author = {Mark R. Warner and Cory Gardner and Ron Wyden and Steve Daines},
note = {\url{https://www.warner.senate.gov/public/index.cfm/pressreleases?id=06A5E941-FBC3-4A63-B9B4-523E18DADB36}},
note = {last accessed: 2017-08-10},
}

@article{BertinoBI:2017,
	Author = {E. Bertino and N. Islam},
	Doi = {10.1109/MC.2017.62},
	Issn = {0018-9162},
	Journal = {IEEE Computer},
	Keywords = {Internet of Things;computer network security;invasive software;Internet of Things security;IoT ecosystem;distributed denial-of-service attacks;Behavioral sciences;Botnets;Denial of service;Internet of things;Trust management;Cybertrust;DDoS;Internet of Things;IoT;Mirai;NBA;botnets;distributed denial of service;network behavior analysis;security},
	Month = {Feb},
	Number = {2},
	Pages = {76-79},
	Title = {Botnets and Internet of Things Security},
	Volume = {50},
	Year = {2017},
	Bdsk-Url-1 = {http://dx.doi.org/10.1109/MC.2017.62}}

@inproceedings{ChadhaCGMSV:2008,
	Author = {Rohit Chadha and Carl A. Gunter and Jos{\'e} Meseguer and Ravinder Shankesi and Mahesh Viswanathan},
	Booktitle = {Proc. of {FMOODS} '08},
	Pages = {39--58},
	Publisher = {Springer},
	Series = {Lecture Notes in Computer Science},
	Title = {Modular Preservation of Safety Properties by Cookie-Based {DoS}-Protection Wrappers},
	Volume = {5051},
	Year = {2008},
	Bdsk-Url-1 = {http://dx.doi.org/10.1007/978-3-540-68863-1_4}}

@incollection{EckhardtEMAMW:2012,
	Author = {Eckhardt, Jonas and M{\"u}hlbauer, Tobias and AlTurki, Musab and Meseguer, Jos{\'e} and Wirsing, Martin},
	Booktitle = {Fundamental Approaches to Software Engineering},
	Doi = {10.1007/978-3-642-28872-2_6},
	Editor = {de Lara, Juan and Zisman, Andrea},
	Isbn = {978-3-642-28871-5},
	Keywords = {formal patterns; meta-object pattern; rewriting logic; availability; denial of service; statistical model checking; cloud computing},
	Language = {English},
	Pages = {78-93},
	Publisher = {Springer Berlin Heidelberg},
	Series = {Lecture Notes in Computer Science},
	Title = {Stable Availability under Denial of Service Attacks through Formal Patterns},
	Url = {http://dx.doi.org/10.1007/978-3-642-28872-2_6},
	Volume = {7212},
	Year = {2012},
	Bdsk-Url-1 = {http://dx.doi.org/10.1007/978-3-642-28872-2_6}}
 
 
 @misc{WebOfThings,
 title = {{Architectures for the Web of Things
 Unofficial Draft 08 August 2017}},
 author = {Kazuo Kajimoto and Ryuichi Matsukura and
Johannes Hund and Matthias Kovatsch and Kazuaki Nimura},
 note = {\url{https://w3c.github.io/wot/architecture/wot-architecture.html}},
 note = {last accessed: 2017-08-15},
 }

 @article{KhannaKVFKG:2012,
 author = {Khanna, Sanjeev and Venkatesh, Santosh S. and Fatemieh, Omid and Khan, Fariba and Gunter, Carl A.},
 title = {Adaptive Selective Verification: An Efficient Adaptive Countermeasure to Thwart DoS Attacks},
 journal = {IEEE/ACM Trans. Netw.},
 issue_date = {June 2012},
 volume = {20},
 number = {3},
 month = jun,
 year = {2012},
 issn = {1063-6692},
 pages = {715--728},
 numpages = {14},
 url = {http://dx.doi.org/10.1109/TNET.2011.2171057},
 doi = {10.1109/TNET.2011.2171057},
 acmid = {2369163},
 publisher = {IEEE Press},
 address = {Piscataway, NJ, USA},
 keywords = {bandwidth, distributed denial of service (DDoS), performance analysis, selective verification, shared channel model, theorem},
}

@INCOLLECTION{umlsec,
  author = {{J}\"urjens, {J}an},
  title = {{T}owards {D}evelopment of {S}ecure {S}ystems {U}sing {UMLsec}},
  booktitle = {{F}undamental {A}pproaches to {S}oftware {E}ngineering},
  publisher = {Springer-Verlag Berlin Heidelberg},
  year = {2001},
  volume = {2029},
  series = {Lecture Notes in Computer Science},
  pages = {187--200},
  date-added = {2012-12-05 17:03:05 +0000},
  date-modified = {2012-12-05 17:06:37 +0000}
}

@INPROCEEDINGS{secureuml,
  author = {{B}asin, {D}avid and {D}oser, {J}\"{u}rgen and {L}odderstedt, {T}orsten},
  title = {{M}odel {D}riven {S}ecurity for {P}rocess-{O}riented {S}ystems},
  booktitle = {{P}roceedings of the {E}ighth {ACM} {S}ymposium on {A}ccess {C}ontrol
	{M}odels and {T}echnologies},
  year = {2003},
  series = {SACMAT'03},
  pages = {100--109},
  address = {Como, Italy},
  month = {June},
  publisher = {ACM},
  date-added = {2012-12-05 17:12:50 +0000},
  date-modified = {2012-12-05 17:17:47 +0000}
}

@article{advancesmds,
  author    = {Levi Lucio and
               Qin Zhang and
               Phu Hong Nguyen and
               Moussa Amrani and
               Jacques Klein and
               Hans Vangheluwe and
               Yves Le Traon},
  title     = {Advances in Model-Driven Security},
  journal   = {Advances in Computers},
  volume    = {93},
  pages     = {103--152},
  year      = {2014},
  url       = {https://doi.org/10.1016/B978-0-12-800162-2.00003-8},
  doi       = {10.1016/B978-0-12-800162-2.00003-8},
  timestamp = {Wed, 14 Jun 2017 20:29:42 +0200},
  biburl    = {http://dblp.uni-trier.de/rec/bib/journals/ac/LucioZNAKVT14},
  bibsource = {dblp computer science bibliography, http://dblp.org}
}